%! Author = adrienkoumgangtegantchouang
%! Date = 17/06/25

